@inproceedings{borges2019beyond,
  title={Beyond Textual Issues: Understanding the Usage and Impact of GitHub Reactions},
  author={Borges, Hudson and Brito, Rodrigo and Valente, Marco Tulio},
  booktitle={Proceedings of the XXXIII Brazilian Symposium on Software Engineering},
  pages={397--406},
  year={2019}
}

@article{Patanamon2017,
 author = {Thongtanunam, Patanamon and Mcintosh, Shane and Hassan, Ahmed E. and Iida, Hajimu},
 title = {Review Participation in Modern Code Review},
 journal = {Empirical Softw. Engg.},
 year = {2017},
 pages = {768--817},
} 

@inproceedings{dabbish2012social,
  title={Social coding in GitHub: transparency and collaboration in an open software repository},
  author={Dabbish, Laura and Stuart, Colleen and Tsay, Jason and Herbsleb, Jim},
  booktitle={Proceedings of the ACM 2012 conference on computer supported cooperative work},
  pages={1277--1286},
  year={2012}
}

@article{siadati2017modelling,
  title={Modelling politics in requirements engineering: adding emoji to existing notations},
  author={Siadati, Rana and Wernick, Paul and Veneziano, Vito},
  journal={arXiv preprint arXiv:1703.06101},
  year={2017}
}

@inproceedings{hata,
author = {Hata, Hideaki and Treude, Christoph and Kula, Raula Gaikovina and Ishio, Takashi},
title = {9.6 Million Links in Source Code Comments: Purpose, Evolution, and Decay},
year = {2019},
publisher = {IEEE Press},
booktitle = {Proceedings of the 41st International Conference on Software Engineering},
pages = {1211–1221},
series = {ICSE ’19}
}

@misc{opencode,
series = {Introducing qualitative methods},
publisher = {Sage},
isbn = {0857029134},
year = {2014},
title = {Constructing grounded theory},
address = {Los Angeles},
author = {Charmaz, Kathy},
lccn = {2013939790},
}

@article{kappa,
author = {Viera, Anthony and Garrett, Joanne},
year = {2005},
month = {06},
pages = {360-3},
title = {Understanding Interobserver Agreement: The Kappa Statistic},
journal = {Family medicine}
}

@article{calefato2018sentiment,
  title={Sentiment polarity detection for software development},
  author={Calefato, Fabio and Lanubile, Filippo and Maiorano, Federico and Novielli, Nicole},
  journal={Empirical Software Engineering},
  volume={23},
  number={3},
  pages={1352--1382},
  year={2018},
  publisher={Springer}
}

@article{mcknight2010mann,
  title={Mann-Whitney U Test},
  author={McKnight, Patrick E and Najab, Julius},
  journal={The Corsini encyclopedia of psychology},
  pages={1--1},
  year={2010},
  publisher={Wiley Online Library}
}




@inproceedings{ebert2018communicative,
  title={Communicative intention in code review questions},
  author={Ebert, Felipe and Castor, Fernando and Novielli, Nicole and Serebrenik, Alexander},
  booktitle={2018 IEEE International Conference on Software Maintenance and Evolution (ICSME)},
  pages={519--523},
  year={2018},
  organization={IEEE}
}

@article{10.1145/335191.335372,
author = {Han, Jiawei and Pei, Jian and Yin, Yiwen},
title = {Mining Frequent Patterns without Candidate Generation},
year = {2000},
issue_date = {June 2000},
publisher = {Association for Computing Machinery},
address = {New York, NY, USA},
volume = {29},
number = {2},
journal = {SIGMOD Rec.},
month = may,
pages = {1–12},
numpages = {12}
}

@book{association,
author = {Zhang, Chengqi and Zhang, Shichao},
title = {Association Rule Mining: Models and Algorithms},
year = {2002},
isbn = {3540435336},
publisher = {Springer-Verlag},
address = {Berlin, Heidelberg}
}

@inproceedings{brants2019assessing,
  title={Assessing the meaning of emojis for emotional awareness-a pilot study},
  author={Brants, Wesley and Sharif, Bonita and Serebrenik, Alexander},
  booktitle={Companion Proceedings of The 2019 World Wide Web Conference},
  pages={419--423},
  year={2019}
}

@inproceedings{murgia2014developers,
  title={Do developers feel emotions? an exploratory analysis of emotions in software artifacts},
  author={Murgia, Alessandro and Tourani, Parastou and Adams, Bram and Ortu, Marco},
  booktitle={Proceedings of the 11th working conference on mining software repositories},
  pages={262--271},
  year={2014}
}

@article{huang2018automating,
  title={Automating intention mining},
  author={Huang, Qiao and Xia, Xin and Lo, David and Murphy, Gail C},
  journal={IEEE Transactions on Software Engineering},
  volume={46},
  number={10},
  pages={1098--1119},
  year={2018},
  publisher={IEEE}
}

@article{cohen1992statistical,
  title={Statistical power analysis},
  author={Cohen, Jacob},
  journal={Current directions in psychological science},
  volume={1},
  number={3},
  pages={98--101},
  year={1992},
  publisher={Sage Publications Sage CA: Los Angeles, CA}
}

@inproceedings{tian-etal-2017-facebook,
    title = "{F}acebook sentiment: Reactions and Emojis",
    author = "Tian, Ye  and
      Galery, Thiago  and
      Dulcinati, Giulio  and
      Molimpakis, Emilia  and
      Sun, Chao",
    booktitle = "Proceedings of the Fifth International Workshop on Natural Language Processing for Social Media",
    month = apr,
    year = "2017",
    address = "Valencia, Spain",
    publisher = "Association for Computational Linguistics",
    pages = "11--16",
}

@inproceedings{ljubevsic2016global,
  title={A global analysis of emoji usage},
  author={Ljube{\v{s}}i{\'c}, Nikola and Fi{\v{s}}er, Darja},
  booktitle={Proceedings of the 10th Web as Corpus Workshop},
  pages={82--89},
  year={2016}
}

@inproceedings{lu2016learning,
  title={Learning from the ubiquitous language: an empirical analysis of emoji usage of smartphone users},
  author={Lu, Xuan and Ai, Wei and Liu, Xuanzhe and Li, Qian and Wang, Ning and Huang, Gang and Mei, Qiaozhu},
  booktitle={Proceedings of the 2016 ACM International Joint Conference on Pervasive and Ubiquitous Computing},
  pages={770--780},
  year={2016}
}

@inproceedings{swartz2020comparison,
  title={Comparison of emoji use in names, profiles, and tweets},
  author={Swartz, Melanie and Crooks, Andrew},
  booktitle={2020 IEEE 14th International Conference on Semantic Computing (ICSC)},
  pages={375--380},
  year={2020},
  organization={IEEE}
}

@inproceedings{chen2018through,
  title={Through a gender lens: Learning usage patterns of emojis from large-scale android users},
  author={Chen, Zhenpeng and Lu, Xuan and Ai, Wei and Li, Huoran and Mei, Qiaozhu and Liu, Xuanzhe},
  booktitle={Proceedings of the 2018 World Wide Web Conference},
  pages={763--772},
  year={2018}
}

@article{lu2018first,
  title={A first look at emoji usage on GitHub: an empirical study},
  author={Lu, Xuan and Cao, Yanbin and Chen, Zhenpeng and Liu, Xuanzhe},
  journal={arXiv preprint arXiv:1812.04863},
  year={2018}
}

@inproceedings{chen2019sentimoji,
  title={Sentimoji: an emoji-powered learning approach for sentiment analysis in software engineering},
  author={Chen, Zhenpeng and Cao, Yanbin and Lu, Xuan and Mei, Qiaozhu and Liu, Xuanzhe},
  booktitle={Proceedings of the 2019 27th ACM Joint Meeting on European Software Engineering Conference and Symposium on the Foundations of Software Engineering},
  pages={841--852},
  year={2019}
}

@article{chen2021emoji,
  title={Emoji-powered sentiment and emotion detection from software developers’ communication data},
  author={Chen, Zhenpeng and Cao, Yanbin and Yao, Huihan and Lu, Xuan and Peng, Xin and Mei, Hong and Liu, Xuanzhe},
  journal={ACM Transactions on Software Engineering and Methodology (TOSEM)},
  volume={30},
  number={2},
  pages={1--48},
  year={2021},
  publisher={ACM New York, NY, USA}
}

@inproceedings{blaz2016sentiment,
  title={Sentiment analysis in tickets for it support},
  author={Blaz, C{\'a}ssio Castaldi Araujo and Becker, Karin},
  booktitle={Proceedings of the 13th International Conference on Mining Software Repositories},
  pages={235--246},
  year={2016}
}

@article{graziotin2018happens,
  title={What happens when software developers are (un) happy},
  author={Graziotin, Daniel and Fagerholm, Fabian and Wang, Xiaofeng and Abrahamsson, Pekka},
  journal={Journal of Systems and Software},
  volume={140},
  pages={32--47},
  year={2018},
  publisher={Elsevier}
}

@inproceedings{gachechiladze2017anger,
  title={Anger and its direction in collaborative software development},
  author={Gachechiladze, Daviti and Lanubile, Filippo and Novielli, Nicole and Serebrenik, Alexander},
  booktitle={2017 IEEE/ACM 39th International Conference on Software Engineering: New Ideas and Emerging Technologies Results Track (ICSE-NIER)},
  pages={11--14},
  year={2017},
  organization={IEEE}
}

@inproceedings{guzman2013towards,
  title={Towards emotional awareness in software development teams},
  author={Guzman, Emitza and Bruegge, Bernd},
  booktitle={Proceedings of the 2013 9th joint meeting on foundations of software engineering},
  pages={671--674},
  year={2013}
}

@inproceedings{kuutila2018using,
  title={Using experience sampling to link software repositories with emotions and work well-being},
  author={Kuutila, Miikka and M{\"a}ntyl{\"a}, Mika V and Claes, Ma{\"e}lick and Elovainio, Marko and Adams, Bram},
  booktitle={Proceedings of the 12th ACM/IEEE International Symposium on Empirical Software Engineering and Measurement},
  pages={1--10},
  year={2018}
}

@inproceedings{mantyla2016mining,
  title={Mining valence, arousal, and dominance: possibilities for detecting burnout and productivity?},
  author={M{\"a}ntyl{\"a}, Mika and Adams, Bram and Destefanis, Giuseppe and Graziotin, Daniel and Ortu, Marco},
  booktitle={Proceedings of the 13th international conference on mining software repositories},
  pages={247--258},
  year={2016}
}
@inproceedings{ortu2015bullies,
  title={Are bullies more productive? Empirical study of affectiveness vs. issue fixing time},
  author={Ortu, Marco and Adams, Bram and Destefanis, Giuseppe and Tourani, Parastou and Marchesi, Michele and Tonelli, Roberto},
  booktitle={2015 IEEE/ACM 12th Working Conference on Mining Software Repositories},
  pages={303--313},
  year={2015},
  organization={IEEE}
}

@inproceedings{panichella2015can,
  title={How can i improve my app? classifying user reviews for software maintenance and evolution},
  author={Panichella, Sebastiano and Di Sorbo, Andrea and Guzman, Emitza and Visaggio, Corrado A and Canfora, Gerardo and Gall, Harald C},
  booktitle={2015 IEEE international conference on software maintenance and evolution (ICSME)},
  pages={281--290},
  year={2015},
  organization={IEEE}
}

@inproceedings{souza2017sentiment,
  title={Sentiment analysis of travis ci builds},
  author={Souza, Rodrigo and Silva, Bruno},
  booktitle={2017 IEEE/ACM 14th International Conference on Mining Software Repositories (MSR)},
  pages={459--462},
  year={2017},
  organization={IEEE}
}

@article{Mann,
author = {H. B. Mann and D. R. Whitney},
title = {{On a Test of Whether one of Two Random Variables is Stochastically Larger than the Other}},
volume = {18},
journal = {The Annals of Mathematical Statistics},
number = {1},
publisher = {Institute of Mathematical Statistics},
pages = {50 -- 60},
year = {1947},
}

@article{Cliff1996,
author = {Norman Cliff},
title = {{Answering Ordinal Questions with Ordinal Data Using Ordinal Statistics}},
journal = {Multivariate Behavioral Research},
number = {3},
pages = {331--350},
year  = {1996}
}


@inproceedings{wijesiriwardene2020alone,
  title={ALONE: A Dataset for Toxic Behavior Among Adolescents on Twitter},
  author={Wijesiriwardene, Thilini and Inan, Hale and Kursuncu, Ugur and Gaur, Manas and Shalin, Valerie L and Thirunarayan, Krishnaprasad and Sheth, Amit and Arpinar, I Budak},
  booktitle={International Conference on Social Informatics},
  pages={427--439},
  year={2020},
  organization={Springer}
}

@INPROCEEDINGS{confusion_saner_2019,
  author={F. {Ebert} and F. {Castor} and N. {Novielli} and A. {Serebrenik}},
  booktitle={2019 IEEE 26th International Conference on Software Analysis, Evolution and Reengineering (SANER)}, 
  title={Confusion in Code Reviews: Reasons, Impacts, and Coping Strategies}, 
  year={2019},
  pages={49-60},}
 

  
 
@online{restapi,
    title = "GitHub REST API",
    url  = "https://docs.github.com/en/rest",
}

@online{graphql,
    title = "GitHub GraphQL API v4",
    url  = "https://docs.github.com/en/graphql",
}

@article{hirao2020code,
  title={Code Reviews with Divergent Review Scores: An Empirical Study of the OpenStack and Qt Communities},
  author={Hirao, Toshiki and McIntosh, Shane and Ihara, Akinori and Matsumoto, Kenichi},
  journal={IEEE Transactions on Software Engineering},
  year={2020}
}

@inproceedings{hirao2019review,
  title={The review linkage graph for code review analytics: a recovery approach and empirical study},
  author={Hirao, Toshiki and McIntosh, Shane and Ihara, Akinori and Matsumoto, Kenichi},
  booktitle={Proceedings of the 2019 27th ACM Joint Meeting on European Software Engineering Conference and Symposium on the Foundations of Software Engineering},
  pages={578--589},
  year={2019}
}
{"mode":"full","isActive":false}

@article{Li_2021,
	year = 2021,
	month = {apr},
	publisher = {Association for Computing Machinery ({ACM})},
	volume = {5},
	number = {{CSCW}1},
	pages = {1--31},
	author = {Renee Li and Pavitthra Pandurangan and Hana Frluckaj and Laura Dabbish},
	title = {Code of Conduct Conversations in Open Source Software Projects on Github},
	journal = {Proceedings of the {ACM} on Human-Computer Interaction}
}

@article{Kruskal-Wallis,
    author = {BRESLOW, NORMAN},
    title = "{A generalized Kruskal-Wallis test for comparing K samples subject to unequal patterns of censorship}",
    journal = {Biometrika},
    pages = {579-594},
    year = {1970},
}

@article{Islam2018SentiStrengthSEED,
  title={SentiStrength-SE: Exploiting domain specificity for improved sentiment analysis in software engineering text},
  author={M. R. Islam and M. Zibran},
  journal={J. Syst. Softw.},
  year={2018},
  volume={145},
  pages={125-146}
}

@INPROCEEDINGS{anti,
  author={Chouchen, Moataz and Ouni, Ali and Kula, Raula Gaikovina and Wang, Dong and Thongtanunam, Patanamon and Mkaouer, Mohamed Wiem and Matsumoto, Kenichi},
  booktitle={2021 IEEE International Conference on Software Analysis, Evolution and Reengineering (SANER)}, 
  title={Anti-patterns in Modern Code Review: Symptoms and Prevalence}, 
  year={2021},
  volume={},
  number={},
  pages={531-535}}

@book{53d3fd7fd0d8428f8376b5a209affcfb,
title = "Statistical Methods for Meta-Analysis",
author = "Hedges, {Larry V.} and I. Olkin",
editor = "Hedges, {Larry V.}",
year = "1985",
language = "English",
publisher = "Academic Press",
}

@article{Szumilas2010ExplainingOR,
  title={Explaining odds ratios.},
  author={M. Szumilas},
  journal={Journal of the Canadian Academy of Child and Adolescent Psychiatry = Journal de l'Academie canadienne de psychiatrie de l'enfant et de l'adolescent},
  year={2010},
  volume={19 3},
  pages={
          227-9
        }
}

@INPROCEEDINGS{8330241,
  author={Thongtanunam, Patanamon and McIntosh, Shane and Hassan, Ahmed E. and Iida, Hajimu},
  booktitle={2018 IEEE 25th International Conference on Software Analysis, Evolution and Reengineering (SANER)}, 
  title={Review participation in modern code review: An empirical study of the Android, Qt, and OpenStack projects (journal-first abstract)}, 
  year={2018},
  volume={},
  number={},
  pages={475-475},
  doi={10.1109/SANER.2018.8330241}}
 
  
@book{charmaz2014constructing,
  title={Constructing Grounded Theory},
  author={Charmaz, Kathy},
  year={2014},
  publisher={SAGE}
}  

@article{eisenhardt1989building,
  title={Building theories from case study research},
  author={Eisenhardt, Kathleen M},
  journal={Academy of management review},
  year={1989},
  publisher={Academy of management Briarcliff Manor, NY 10510}
}

@book{hastie2009elements,
  title={The Elements of Statistical Learning: Data Mining, Inference, and Prediction},
  author={Hastie, T. and Tibshirani, R. and Friedman, J.H.},
  year={2009},
  publisher={Springer}
}

@inproceedings{WangEMSE2021,
	Author={Wang, Dong and Xiao, Tao and Thongtanunam, Patanamon and Kula, Raula Gaikovina and  Matsumoto, Kenichi},
	Title = {Understanding Shared Links and Their Intentions to Meet Information Needs in Modern Code Review},
	Booktitle = {The Journal of Empirical Software Engineering (EMSE)},
	Pages = {to appear},
	doi = {https://doi.org/10.1007/s10664-021-09997-x},
	volume = {26},
    number = {96},
	Year = {2021}
}

@article{Olga_2016,
Author={Olga Baysal and Oleksii Kononenko and Reid Holmes and Michael W. Godfrey},
Title={{Investigating Technical and Non-technical Factors Influencing Modern Code Review}},
journal={Empirical Software Engineering},
pages = {932–959},
year={2016}
}

@INPROCEEDINGS{Shopify_2018,
  author={O. {Kononenko} and T. {Rose} and O. {Baysal} and M. {Godfrey} and D. {Theisen} and B. {de Water}},
  booktitle={2018 IEEE/ACM 40th International Conference on Software Engineering: Software Engineering in Practice Track (ICSE-SEIP)}, 
  title={Studying Pull Request Merges: A Case Study of Shopify's Active Merchant}, 
  year={2018},
  volume={},
  number={},
  pages={124-133},}
  
@inproceedings{golzadeh2022accuracy,
  title={On the accuracy of bot detection techniques},
  author={Golzadeh, Mehdi and Decan, Alexandre and Chidambaram, Natarajan},
  booktitle={International Workshop on Bots in Software Engineering (BotSE). IEEE},
  year={2022}
}

@inproceedings{dey2020detecting,
  title={Detecting and characterizing bots that commit code},
  author={Dey, Tapajit and Mousavi, Sara and Ponce, Eduardo and Fry, Tanner and Vasilescu, Bogdan and Filippova, Anna and Mockus, Audris},
  booktitle={Proceedings of the 17th international conference on mining software repositories},
  pages={209--219},
  year={2020}
}

@inproceedings{saadat2021bots,
  title={Do bots modify the workflow of github teams?},
  author={Saadat, Samaneh and Colmenares, Natalia and Sukthankar, Gita},
  booktitle={2021 IEEE/ACM Third International Workshop on Bots in Software Engineering (BotSE)},
  pages={1--5},
  year={2021},
  organization={IEEE}
}

@article{golzadeh2021ground,
  title={A ground-truth dataset and classification model for detecting bots in GitHub issue and PR comments},
  author={Golzadeh, Mehdi and Decan, Alexandre and Legay, Damien and Mens, Tom},
  journal={Journal of Systems and Software},
  volume={175},
  pages={110911},
  year={2021},
  publisher={Elsevier}
}

@article{wang2021can,
  title={Can we benchmark Code Review studies? A systematic mapping study of methodology, dataset, and metric},
  author={Wang, Dong and Ueda, Yuki and Kula, Raula Gaikovina and Ishio, Takashi and Matsumoto, Kenichi},
  journal={Journal of Systems and Software},
  volume={180},
  pages={111009},
  year={2021},
  publisher={Elsevier}
}

@inproceedings{maddila2019predicting,
  title={Predicting pull request completion time: a case study on large scale cloud services},
  author={Maddila, Chandra and Bansal, Chetan and Nagappan, Nachiappan},
  booktitle={Proceedings of the 2019 27th acm joint meeting on european software engineering conference and symposium on the foundations of software engineering},
  pages={874--882},
  year={2019}
}

@article{EMSE2017_Pick,
 author = {Thongtanunam, Patanamon and Mcintosh, Shane and Hassan, Ahmed E. and Iida, Hajimu},
 title = {{Review Participation in Modern Code Review}},
 journal = {Empirical Software Engineering},
 volume = {22},
 number = {2},
 pages = {768–817},
 year = {2017}
} 

@inproceedings{shane2014msr,
author = {McIntosh, Shane and Kamei, Yasutaka and Adams, Bram and Hassan, Ahmed E.},
title = {The Impact of Code Review Coverage and Code Review Participation on Software Quality: A Case Study of the Qt, VTK, and ITK Projects},
year = {2014},
booktitle = {Proceedings of the 11th Working Conference on Mining Software Repositories},
pages = {192–201}
}

@article{MC1_refer,
author = {Harrell Jr., Frank E. and Lee, Kerry L. and Califf, Robert M. and Pryor, David B. and Rosati, Robert A.},
title = {Regression modelling strategies for improved prognostic prediction},
journal = {Statistics in Medicine},
pages = {143-152},
year = {1984}
}

@article{EMSE_quality2016,
author = {Mcintosh, Shane and Kamei, Yasutaka and Adams, Bram and Hassan, Ahmed E.},
title = {An Empirical Study of the Impact of Modern Code Review Practices on Software Quality},
journal = {Empirical Software Engineering},
year = {2016},
pages = {2146–2189},
issue_date = {October 2016},
}

@article{z_test,
author = {Paternoster, Raymond and Brame, Robert and Mazerolle, Paul and Piquero, Alex},
title = {USING THE CORRECT STATISTICAL TEST FOR THE EQUALITY OF REGRESSION COEFFICIENTS},
journal = {Criminology},
volume = {36},
number = {4},
pages = {859-866},
year = {1998}
}

@inproceedings{agrawal1993mining,
  title={Mining association rules between sets of items in large databases},
  author={Agrawal, Rakesh and Imieli{\'n}ski, Tomasz and Swami, Arun},
  booktitle={Proceedings of the 1993 ACM SIGMOD international conference on Management of data},
  pages={207--216},
  year={1993}
}

@article{prana2019categorizing,
  title={Categorizing the content of github readme files},
  author={Prana, Gede Artha Azriadi and Treude, Christoph and Thung, Ferdian and Atapattu, Thushari and Lo, David},
  journal={Empirical Software Engineering},
  volume={24},
  number={3},
  pages={1296--1327},
  year={2019},
  publisher={Springer}
}

@inproceedings{li2021understanding,
  title={Understanding language selection in multi-language software projects on GitHub},
  author={Li, Wen and Meng, Na and Li, Li and Cai, Haipeng},
  booktitle={2021 IEEE/ACM 43rd International Conference on Software Engineering: Companion Proceedings (ICSE-Companion)},
  pages={256--257},
  year={2021},
  organization={IEEE}
}

@book{charmaz2014constructing,
  title={Constructing Grounded Theory},
  author={Charmaz, Kathy},
  year={2014},
  publisher={SAGE}
}

@article{eisenhardt1989building,
  title={Building theories from case study research},
  author={Eisenhardt, Kathleen M},
  journal={Academy of management review},
  year={1989},
  publisher={Academy of management Briarcliff Manor, NY 10510}
}